@ARTICLE{6200864,
  author={Tekin, Cem and Liu, Mingyan},
  journal={IEEE Transactions on Information Theory}, 
  title={Online Learning of Rested and Restless Bandits}, 
  year={2012},
  volume={58},
  number={8},
  pages={5588-5611},
  doi={10.1109/TIT.2012.2198613}}

@article{ucb,
author = {Auer, Peter and Cesa-Bianchi, Nicol√≤ and Fischer, Paul},
year = {2002},
month = {05},
pages = {235-256},
title = {Finite-time Analysis of the Multiarmed Bandit Problem},
volume = {47},
journal = {Machine Learning},
doi = {10.1023/A:1013689704352}
}

@inproceedings{rca,
author = {Tekin, Cem and Liu, Mingyan},
year = {2011},
month = {05},
pages = {2462 - 2470},
title = {Online learning in opportunistic spectrum access: A restless bandit approach},
journal = {Proceedings - IEEE INFOCOM},
doi = {10.1109/INFCOM.2011.5935068}
}